@book{sansanee,
  author = {Sansanee Auephanwiriyakul},
  year = {2013},
  title = {Introduction to Computational Intelligence for Computer Engineering},
  url = {http://myweb.cmu.ac.th/sansanee.a/Intro_CI_withwatermark.pdf},
  addendum = "(accessed: 19.10.2022)",
}

@online{dataleak,
  author = "Jason Brownlee",
  title = "Data Leakage in Machine Learning",
  url  = "https://machinelearningmastery.com/data-leakage-machine-learning/",
  addendum = "(accessed: 01.09.2016)",
}