@book{sansanee,
  author = {Sansanee Auephanwiriyakul},
  year = {2013},
  title = {Introduction to Computational Intelligence for Computer Engineering},
  url = {http://myweb.cmu.ac.th/sansanee.a/Intro_CI_withwatermark.pdf},
  addendum = "(accessed: 8.11.2022)",
}